<record><leader>00000cas a22000007a 4500</leader><controlfield tag="001">13664609</controlfield><controlfield tag="008">860530d19051909inuwr ne      0    0eng d</controlfield><datafield ind1=" " ind2=" " tag="010"><subfield code="a">sn 86058570 </subfield></datafield><datafield ind1=" " ind2=" " tag="040"><subfield code="a">NPI</subfield><subfield code="b">eng</subfield><subfield code="c">NPI</subfield><subfield code="d">OCLCQ</subfield></datafield><datafield ind1=" " ind2=" " tag="042"><subfield code="a">msc</subfield></datafield><datafield ind1="0" ind2="4" tag="245"><subfield code="a">The Henry County tribune.</subfield></datafield><datafield ind1=" " ind2=" " tag="260"><subfield code="a">New Castle and Spiceland, Ind. :</subfield><subfield code="b">Fleming Ratcliff,</subfield><subfield code="c">1905-</subfield></datafield><datafield ind1=" " ind2=" " tag="300"><subfield code="a">v. :</subfield><subfield code="b">ill. ;</subfield><subfield code="c">56 cm.</subfield></datafield><datafield ind1=" " ind2=" " tag="310"><subfield code="a">Weekly</subfield></datafield><datafield ind1="0" ind2=" " tag="362"><subfield code="a">Vol. 9, no. 4 (July 14, 1905)-</subfield></datafield><datafield ind1="1" ind2=" " tag="362"><subfield code="a">Ceased in 1909.</subfield></datafield><datafield ind1=" " ind2=" " tag="500"><subfield code="a">Republican. Cf. N.W. Ayer &amp; Son American newspaper annual and directory.</subfield></datafield><datafield ind1=" " ind2=" " tag="580"><subfield code="a">Published also 1908-1909 in daily eds. called: New Castle tribune (New Castle, Ind. : 1908); Tribune (New Castle, Ind.); Daily tribune (New Castle, Ind.); New Castle evening tribune; and: New Castle tribune (New Castle, Ind. : 1909).</subfield></datafield><datafield ind1=" " ind2=" " tag="752"><subfield code="a">United States</subfield><subfield code="b">Indiana</subfield><subfield code="c">Henry</subfield><subfield code="d">New Castle.</subfield></datafield><datafield ind1=" " ind2=" " tag="752"><subfield code="a">United States</subfield><subfield code="b">Indiana</subfield><subfield code="c">Henry</subfield><subfield code="d">Spiceland.</subfield></datafield><datafield ind1="1" ind2=" " tag="775"><subfield code="t">New Castle tribune (New Castle, Ind. : 1908)</subfield><subfield code="w">(DLC)sn 86058577</subfield></datafield><datafield ind1="1" ind2=" " tag="775"><subfield code="t">Tribune (New Castle, Ind.)</subfield><subfield code="w">(DLC)sn 86058578</subfield></datafield><datafield ind1="1" ind2=" " tag="775"><subfield code="t">Daily tribune (New Castle, Ind.)</subfield><subfield code="w">(DLC)sn 86058579</subfield></datafield><datafield ind1="1" ind2=" " tag="775"><subfield code="t">New Castle evening tribune</subfield><subfield code="w">(DLC)sn 86058580</subfield></datafield><datafield ind1="1" ind2=" " tag="775"><subfield code="t">New Castle tribune (New Castle, Ind. : 1909)</subfield><subfield code="w">(DLC)sn 86058581</subfield></datafield><datafield ind1="0" ind2="0" tag="780"><subfield code="t">New Castle tribune (New Castle, Ind. : 1903)</subfield><subfield code="w">(DLC)sn 86058569</subfield></datafield><datafield ind1="1" ind2=" " tag="029"><subfield code="a">AU@</subfield><subfield code="b">000025804187</subfield></datafield></record>